%YAML 1.1
%TAG !u! tag:unity3d.com,2011:
--- !u!1 &429018826729295985
GameObject:
  m_ObjectHideFlags: 0
  m_CorrespondingSourceObject: {fileID: 0}
  m_PrefabInstance: {fileID: 0}
  m_PrefabAsset: {fileID: 0}
  serializedVersion: 6
  m_Component:
  - component: {fileID: 7344045228753039720}
  - component: {fileID: 475206246196177194}
  m_Layer: 0
  m_Name: Audio Source
  m_TagString: Untagged
  m_Icon: {fileID: 0}
  m_NavMeshLayer: 0
  m_StaticEditorFlags: 0
  m_IsActive: 1
--- !u!4 &7344045228753039720
Transform:
  m_ObjectHideFlags: 0
  m_CorrespondingSourceObject: {fileID: 0}
  m_PrefabInstance: {fileID: 0}
  m_PrefabAsset: {fileID: 0}
  m_GameObject: {fileID: 429018826729295985}
  m_LocalRotation: {x: -0, y: -0, z: -0, w: 1}
  m_LocalPosition: {x: 0, y: 0, z: 0}
  m_LocalScale: {x: 1, y: 1, z: 1}
  m_Children: []
  m_Father: {fileID: 2571905969200458024}
  m_RootOrder: 4
  m_LocalEulerAnglesHint: {x: 0, y: 0, z: 0}
--- !u!82 &475206246196177194
AudioSource:
  m_ObjectHideFlags: 0
  m_CorrespondingSourceObject: {fileID: 0}
  m_PrefabInstance: {fileID: 0}
  m_PrefabAsset: {fileID: 0}
  m_GameObject: {fileID: 429018826729295985}
  m_Enabled: 1
  serializedVersion: 4
  OutputAudioMixerGroup: {fileID: 0}
  m_audioClip: {fileID: 8300000, guid: ec3d5ecd3e08dd14792602d061994f36, type: 3}
  m_PlayOnAwake: 1
  m_Volume: 1
  m_Pitch: 1
  Loop: 0
  Mute: 0
  Spatialize: 0
  SpatializePostEffects: 0
  Priority: 128
  DopplerLevel: 1
  MinDistance: 1
  MaxDistance: 500
  Pan2D: 0
  rolloffMode: 0
  BypassEffects: 0
  BypassListenerEffects: 0
  BypassReverbZones: 0
  rolloffCustomCurve:
    serializedVersion: 2
    m_Curve:
    - serializedVersion: 3
      time: 0
      value: 1
      inSlope: 0
      outSlope: 0
      tangentMode: 0
      weightedMode: 0
      inWeight: 0.33333334
      outWeight: 0.33333334
    - serializedVersion: 3
      time: 1
      value: 0
      inSlope: 0
      outSlope: 0
      tangentMode: 0
      weightedMode: 0
      inWeight: 0.33333334
      outWeight: 0.33333334
    m_PreInfinity: 2
    m_PostInfinity: 2
    m_RotationOrder: 4
  panLevelCustomCurve:
    serializedVersion: 2
    m_Curve:
    - serializedVersion: 3
      time: 0
      value: 0
      inSlope: 0
      outSlope: 0
      tangentMode: 0
      weightedMode: 0
      inWeight: 0.33333334
      outWeight: 0.33333334
    m_PreInfinity: 2
    m_PostInfinity: 2
    m_RotationOrder: 4
  spreadCustomCurve:
    serializedVersion: 2
    m_Curve:
    - serializedVersion: 3
      time: 0
      value: 0
      inSlope: 0
      outSlope: 0
      tangentMode: 0
      weightedMode: 0
      inWeight: 0.33333334
      outWeight: 0.33333334
    m_PreInfinity: 2
    m_PostInfinity: 2
    m_RotationOrder: 4
  reverbZoneMixCustomCurve:
    serializedVersion: 2
    m_Curve:
    - serializedVersion: 3
      time: 0
      value: 1
      inSlope: 0
      outSlope: 0
      tangentMode: 0
      weightedMode: 0
      inWeight: 0.33333334
      outWeight: 0.33333334
    m_PreInfinity: 2
    m_PostInfinity: 2
    m_RotationOrder: 4
--- !u!1 &1508487834261842698
GameObject:
  m_ObjectHideFlags: 0
  m_CorrespondingSourceObject: {fileID: 0}
  m_PrefabInstance: {fileID: 0}
  m_PrefabAsset: {fileID: 0}
  serializedVersion: 6
  m_Component:
  - component: {fileID: 2571905969200458024}
  - component: {fileID: 1033088189993026750}
  m_Layer: 0
  m_Name: Clubs 6 Card
  m_TagString: Untagged
  m_Icon: {fileID: 0}
  m_NavMeshLayer: 0
  m_StaticEditorFlags: 0
  m_IsActive: 1
--- !u!4 &2571905969200458024
Transform:
  m_ObjectHideFlags: 0
  m_CorrespondingSourceObject: {fileID: 0}
  m_PrefabInstance: {fileID: 0}
  m_PrefabAsset: {fileID: 0}
  m_GameObject: {fileID: 1508487834261842698}
  m_LocalRotation: {x: 0, y: 0, z: 0, w: 1}
  m_LocalPosition: {x: 0, y: 0, z: 0}
  m_LocalScale: {x: 1, y: 1, z: 1}
  m_Children:
  - {fileID: 8985415590618796616}
  - {fileID: 5523709259016136593}
  - {fileID: 3623018994671413971}
  - {fileID: 3518984280159185384}
  - {fileID: 7344045228753039720}
  m_Father: {fileID: 0}
  m_RootOrder: 0
  m_LocalEulerAnglesHint: {x: 0, y: 0, z: 0}
--- !u!114 &1033088189993026750
MonoBehaviour:
  m_ObjectHideFlags: 0
  m_CorrespondingSourceObject: {fileID: 0}
  m_PrefabInstance: {fileID: 0}
  m_PrefabAsset: {fileID: 0}
  m_GameObject: {fileID: 1508487834261842698}
  m_Enabled: 1
  m_EditorHideFlags: 0
  m_Script: {fileID: 11500000, guid: a606da59651889142b9ea1121acdb6e6, type: 3}
  m_Name: 
  m_EditorClassIdentifier: 
  clubs: {fileID: 6064656639168817184}
  diamonds: {fileID: 7220200962931645945}
  hearts: {fileID: 1935679637357711547}
  spades: {fileID: 1751503629134222208}
--- !u!1001 &799363807304280899
PrefabInstance:
  m_ObjectHideFlags: 0
  serializedVersion: 2
  m_Modification:
    m_TransformParent: {fileID: 2571905969200458024}
    m_Modifications:
    - target: {fileID: 5170063566419365074, guid: fa1a399ec627ce1448d4acb1c052a949,
        type: 3}
      propertyPath: m_LocalPosition.x
      value: -0
      objectReference: {fileID: 0}
    - target: {fileID: 5170063566419365074, guid: fa1a399ec627ce1448d4acb1c052a949,
        type: 3}
      propertyPath: m_LocalPosition.y
      value: 0
      objectReference: {fileID: 0}
    - target: {fileID: 5170063566419365074, guid: fa1a399ec627ce1448d4acb1c052a949,
        type: 3}
      propertyPath: m_LocalPosition.z
      value: 0
      objectReference: {fileID: 0}
    - target: {fileID: 5170063566419365074, guid: fa1a399ec627ce1448d4acb1c052a949,
        type: 3}
      propertyPath: m_LocalRotation.x
      value: -0.7071068
      objectReference: {fileID: 0}
    - target: {fileID: 5170063566419365074, guid: fa1a399ec627ce1448d4acb1c052a949,
        type: 3}
      propertyPath: m_LocalRotation.y
      value: 0
      objectReference: {fileID: 0}
    - target: {fileID: 5170063566419365074, guid: fa1a399ec627ce1448d4acb1c052a949,
        type: 3}
      propertyPath: m_LocalRotation.z
      value: 0
      objectReference: {fileID: 0}
    - target: {fileID: 5170063566419365074, guid: fa1a399ec627ce1448d4acb1c052a949,
        type: 3}
      propertyPath: m_LocalRotation.w
      value: 0.7071068
      objectReference: {fileID: 0}
    - target: {fileID: 5170063566419365074, guid: fa1a399ec627ce1448d4acb1c052a949,
        type: 3}
      propertyPath: m_RootOrder
      value: 1
      objectReference: {fileID: 0}
    - target: {fileID: 5170063566419365074, guid: fa1a399ec627ce1448d4acb1c052a949,
        type: 3}
      propertyPath: m_LocalEulerAnglesHint.x
      value: -90
      objectReference: {fileID: 0}
    - target: {fileID: 5170063566419365074, guid: fa1a399ec627ce1448d4acb1c052a949,
        type: 3}
      propertyPath: m_LocalEulerAnglesHint.y
      value: 0
      objectReference: {fileID: 0}
    - target: {fileID: 5170063566419365074, guid: fa1a399ec627ce1448d4acb1c052a949,
        type: 3}
      propertyPath: m_LocalEulerAnglesHint.z
      value: 0
      objectReference: {fileID: 0}
    - target: {fileID: 8008710344196601530, guid: fa1a399ec627ce1448d4acb1c052a949,
        type: 3}
      propertyPath: m_Name
      value: Diamonds 6
      objectReference: {fileID: 0}
    - target: {fileID: 8008710344196601530, guid: fa1a399ec627ce1448d4acb1c052a949,
        type: 3}
      propertyPath: m_IsActive
      value: 0
      objectReference: {fileID: 0}
    m_RemovedComponents: []
  m_SourcePrefab: {fileID: 100100000, guid: fa1a399ec627ce1448d4acb1c052a949, type: 3}
--- !u!1 &7220200962931645945 stripped
GameObject:
  m_CorrespondingSourceObject: {fileID: 8008710344196601530, guid: fa1a399ec627ce1448d4acb1c052a949,
    type: 3}
  m_PrefabInstance: {fileID: 799363807304280899}
  m_PrefabAsset: {fileID: 0}
--- !u!4 &5523709259016136593 stripped
Transform:
  m_CorrespondingSourceObject: {fileID: 5170063566419365074, guid: fa1a399ec627ce1448d4acb1c052a949,
    type: 3}
  m_PrefabInstance: {fileID: 799363807304280899}
  m_PrefabAsset: {fileID: 0}
--- !u!1001 &2737820263545514000
PrefabInstance:
  m_ObjectHideFlags: 0
  serializedVersion: 2
  m_Modification:
    m_TransformParent: {fileID: 2571905969200458024}
    m_Modifications:
    - target: {fileID: 1709465232258024131, guid: d768478d230035c4086d8022e6a23469,
        type: 3}
      propertyPath: m_LocalPosition.x
      value: -0
      objectReference: {fileID: 0}
    - target: {fileID: 1709465232258024131, guid: d768478d230035c4086d8022e6a23469,
        type: 3}
      propertyPath: m_LocalPosition.y
      value: 0
      objectReference: {fileID: 0}
    - target: {fileID: 1709465232258024131, guid: d768478d230035c4086d8022e6a23469,
        type: 3}
      propertyPath: m_LocalPosition.z
      value: 0
      objectReference: {fileID: 0}
    - target: {fileID: 1709465232258024131, guid: d768478d230035c4086d8022e6a23469,
        type: 3}
      propertyPath: m_LocalRotation.x
      value: -0.7071068
      objectReference: {fileID: 0}
    - target: {fileID: 1709465232258024131, guid: d768478d230035c4086d8022e6a23469,
        type: 3}
      propertyPath: m_LocalRotation.y
      value: 0
      objectReference: {fileID: 0}
    - target: {fileID: 1709465232258024131, guid: d768478d230035c4086d8022e6a23469,
        type: 3}
      propertyPath: m_LocalRotation.z
      value: 0
      objectReference: {fileID: 0}
    - target: {fileID: 1709465232258024131, guid: d768478d230035c4086d8022e6a23469,
        type: 3}
      propertyPath: m_LocalRotation.w
      value: 0.7071068
      objectReference: {fileID: 0}
    - target: {fileID: 1709465232258024131, guid: d768478d230035c4086d8022e6a23469,
        type: 3}
      propertyPath: m_RootOrder
      value: 2
      objectReference: {fileID: 0}
    - target: {fileID: 1709465232258024131, guid: d768478d230035c4086d8022e6a23469,
        type: 3}
      propertyPath: m_LocalEulerAnglesHint.x
      value: -90
      objectReference: {fileID: 0}
    - target: {fileID: 1709465232258024131, guid: d768478d230035c4086d8022e6a23469,
        type: 3}
      propertyPath: m_LocalEulerAnglesHint.y
      value: 0
      objectReference: {fileID: 0}
    - target: {fileID: 1709465232258024131, guid: d768478d230035c4086d8022e6a23469,
        type: 3}
      propertyPath: m_LocalEulerAnglesHint.z
      value: 0
      objectReference: {fileID: 0}
    - target: {fileID: 4549299015515568299, guid: d768478d230035c4086d8022e6a23469,
        type: 3}
      propertyPath: m_Name
      value: Hearts 6
      objectReference: {fileID: 0}
    - target: {fileID: 4549299015515568299, guid: d768478d230035c4086d8022e6a23469,
        type: 3}
      propertyPath: m_IsActive
      value: 0
      objectReference: {fileID: 0}
    m_RemovedComponents: []
  m_SourcePrefab: {fileID: 100100000, guid: d768478d230035c4086d8022e6a23469, type: 3}
--- !u!1 &1935679637357711547 stripped
GameObject:
  m_CorrespondingSourceObject: {fileID: 4549299015515568299, guid: d768478d230035c4086d8022e6a23469,
    type: 3}
  m_PrefabInstance: {fileID: 2737820263545514000}
  m_PrefabAsset: {fileID: 0}
--- !u!4 &3623018994671413971 stripped
Transform:
  m_CorrespondingSourceObject: {fileID: 1709465232258024131, guid: d768478d230035c4086d8022e6a23469,
    type: 3}
  m_PrefabInstance: {fileID: 2737820263545514000}
  m_PrefabAsset: {fileID: 0}
--- !u!1001 &3263948147240096995
PrefabInstance:
  m_ObjectHideFlags: 0
  serializedVersion: 2
  m_Modification:
    m_TransformParent: {fileID: 2571905969200458024}
    m_Modifications:
    - target: {fileID: 5906827516250506923, guid: 0bb0fbba8b9589242a4b9779fdf814bc,
        type: 3}
      propertyPath: m_LocalPosition.x
      value: -0
      objectReference: {fileID: 0}
    - target: {fileID: 5906827516250506923, guid: 0bb0fbba8b9589242a4b9779fdf814bc,
        type: 3}
      propertyPath: m_LocalPosition.y
      value: 0
      objectReference: {fileID: 0}
    - target: {fileID: 5906827516250506923, guid: 0bb0fbba8b9589242a4b9779fdf814bc,
        type: 3}
      propertyPath: m_LocalPosition.z
      value: 0
      objectReference: {fileID: 0}
    - target: {fileID: 5906827516250506923, guid: 0bb0fbba8b9589242a4b9779fdf814bc,
        type: 3}
      propertyPath: m_LocalRotation.x
      value: -0.7071068
      objectReference: {fileID: 0}
    - target: {fileID: 5906827516250506923, guid: 0bb0fbba8b9589242a4b9779fdf814bc,
        type: 3}
      propertyPath: m_LocalRotation.y
      value: 0
      objectReference: {fileID: 0}
    - target: {fileID: 5906827516250506923, guid: 0bb0fbba8b9589242a4b9779fdf814bc,
        type: 3}
      propertyPath: m_LocalRotation.z
      value: 0
      objectReference: {fileID: 0}
    - target: {fileID: 5906827516250506923, guid: 0bb0fbba8b9589242a4b9779fdf814bc,
        type: 3}
      propertyPath: m_LocalRotation.w
      value: 0.7071068
      objectReference: {fileID: 0}
    - target: {fileID: 5906827516250506923, guid: 0bb0fbba8b9589242a4b9779fdf814bc,
        type: 3}
      propertyPath: m_RootOrder
      value: 0
      objectReference: {fileID: 0}
    - target: {fileID: 5906827516250506923, guid: 0bb0fbba8b9589242a4b9779fdf814bc,
        type: 3}
      propertyPath: m_LocalEulerAnglesHint.x
      value: -90
      objectReference: {fileID: 0}
    - target: {fileID: 5906827516250506923, guid: 0bb0fbba8b9589242a4b9779fdf814bc,
        type: 3}
      propertyPath: m_LocalEulerAnglesHint.y
      value: 0
      objectReference: {fileID: 0}
    - target: {fileID: 5906827516250506923, guid: 0bb0fbba8b9589242a4b9779fdf814bc,
        type: 3}
      propertyPath: m_LocalEulerAnglesHint.z
      value: 0
      objectReference: {fileID: 0}
    - target: {fileID: 8746591493404589251, guid: 0bb0fbba8b9589242a4b9779fdf814bc,
        type: 3}
      propertyPath: m_Name
      value: Clubs 6
      objectReference: {fileID: 0}
    - target: {fileID: 8746591493404589251, guid: 0bb0fbba8b9589242a4b9779fdf814bc,
        type: 3}
      propertyPath: m_IsActive
      value: 0
      objectReference: {fileID: 0}
    m_RemovedComponents: []
  m_SourcePrefab: {fileID: 100100000, guid: 0bb0fbba8b9589242a4b9779fdf814bc, type: 3}
--- !u!1 &6064656639168817184 stripped
GameObject:
  m_CorrespondingSourceObject: {fileID: 8746591493404589251, guid: 0bb0fbba8b9589242a4b9779fdf814bc,
    type: 3}
  m_PrefabInstance: {fileID: 3263948147240096995}
  m_PrefabAsset: {fileID: 0}
--- !u!4 &8985415590618796616 stripped
Transform:
  m_CorrespondingSourceObject: {fileID: 5906827516250506923, guid: 0bb0fbba8b9589242a4b9779fdf814bc,
    type: 3}
  m_PrefabInstance: {fileID: 3263948147240096995}
  m_PrefabAsset: {fileID: 0}
--- !u!1001 &8167796738099006362
PrefabInstance:
  m_ObjectHideFlags: 0
  serializedVersion: 2
  m_Modification:
    m_TransformParent: {fileID: 2571905969200458024}
    m_Modifications:
    - target: {fileID: 4723192256640459378, guid: 24bc4367b01c95445b12b25f8423e61d,
        type: 3}
      propertyPath: m_LocalPosition.x
      value: -0
      objectReference: {fileID: 0}
    - target: {fileID: 4723192256640459378, guid: 24bc4367b01c95445b12b25f8423e61d,
        type: 3}
      propertyPath: m_LocalPosition.y
      value: 0
      objectReference: {fileID: 0}
    - target: {fileID: 4723192256640459378, guid: 24bc4367b01c95445b12b25f8423e61d,
        type: 3}
      propertyPath: m_LocalPosition.z
      value: 0
      objectReference: {fileID: 0}
    - target: {fileID: 4723192256640459378, guid: 24bc4367b01c95445b12b25f8423e61d,
        type: 3}
      propertyPath: m_LocalRotation.x
      value: -0.7071068
      objectReference: {fileID: 0}
    - target: {fileID: 4723192256640459378, guid: 24bc4367b01c95445b12b25f8423e61d,
        type: 3}
      propertyPath: m_LocalRotation.y
      value: 0
      objectReference: {fileID: 0}
    - target: {fileID: 4723192256640459378, guid: 24bc4367b01c95445b12b25f8423e61d,
        type: 3}
      propertyPath: m_LocalRotation.z
      value: 0
      objectReference: {fileID: 0}
    - target: {fileID: 4723192256640459378, guid: 24bc4367b01c95445b12b25f8423e61d,
        type: 3}
      propertyPath: m_LocalRotation.w
      value: 0.7071068
      objectReference: {fileID: 0}
    - target: {fileID: 4723192256640459378, guid: 24bc4367b01c95445b12b25f8423e61d,
        type: 3}
      propertyPath: m_RootOrder
      value: 3
      objectReference: {fileID: 0}
    - target: {fileID: 4723192256640459378, guid: 24bc4367b01c95445b12b25f8423e61d,
        type: 3}
      propertyPath: m_LocalEulerAnglesHint.x
      value: -90
      objectReference: {fileID: 0}
    - target: {fileID: 4723192256640459378, guid: 24bc4367b01c95445b12b25f8423e61d,
        type: 3}
      propertyPath: m_LocalEulerAnglesHint.y
      value: 0
      objectReference: {fileID: 0}
    - target: {fileID: 4723192256640459378, guid: 24bc4367b01c95445b12b25f8423e61d,
        type: 3}
      propertyPath: m_LocalEulerAnglesHint.z
      value: 0
      objectReference: {fileID: 0}
    - target: {fileID: 7572592348323256346, guid: 24bc4367b01c95445b12b25f8423e61d,
        type: 3}
      propertyPath: m_Name
      value: Spades 6
      objectReference: {fileID: 0}
    - target: {fileID: 7572592348323256346, guid: 24bc4367b01c95445b12b25f8423e61d,
        type: 3}
      propertyPath: m_IsActive
      value: 0
      objectReference: {fileID: 0}
    m_RemovedComponents: []
  m_SourcePrefab: {fileID: 100100000, guid: 24bc4367b01c95445b12b25f8423e61d, type: 3}
--- !u!1 &1751503629134222208 stripped
GameObject:
  m_CorrespondingSourceObject: {fileID: 7572592348323256346, guid: 24bc4367b01c95445b12b25f8423e61d,
    type: 3}
  m_PrefabInstance: {fileID: 8167796738099006362}
  m_PrefabAsset: {fileID: 0}
--- !u!4 &3518984280159185384 stripped
Transform:
  m_CorrespondingSourceObject: {fileID: 4723192256640459378, guid: 24bc4367b01c95445b12b25f8423e61d,
    type: 3}
  m_PrefabInstance: {fileID: 8167796738099006362}
  m_PrefabAsset: {fileID: 0}
