%YAML 1.1
%TAG !u! tag:unity3d.com,2011:
--- !u!1 &893129748692672539
GameObject:
  m_ObjectHideFlags: 0
  m_CorrespondingSourceObject: {fileID: 0}
  m_PrefabInstance: {fileID: 0}
  m_PrefabAsset: {fileID: 0}
  serializedVersion: 6
  m_Component:
  - component: {fileID: 3220427773806338970}
  - component: {fileID: 7251294734413145224}
  m_Layer: 0
  m_Name: Clubs 12 Card
  m_TagString: Untagged
  m_Icon: {fileID: 0}
  m_NavMeshLayer: 0
  m_StaticEditorFlags: 0
  m_IsActive: 1
--- !u!4 &3220427773806338970
Transform:
  m_ObjectHideFlags: 0
  m_CorrespondingSourceObject: {fileID: 0}
  m_PrefabInstance: {fileID: 0}
  m_PrefabAsset: {fileID: 0}
  m_GameObject: {fileID: 893129748692672539}
  m_LocalRotation: {x: 0, y: 0, z: 0, w: 1}
  m_LocalPosition: {x: 0, y: 0, z: 0}
  m_LocalScale: {x: 1, y: 1, z: 1}
  m_Children:
  - {fileID: 6933751862985459387}
  - {fileID: 6903434993414061493}
  - {fileID: 2142645772005161338}
  - {fileID: 7525023029126145571}
  - {fileID: 1244723005712318608}
  m_Father: {fileID: 0}
  m_RootOrder: 0
  m_LocalEulerAnglesHint: {x: 0, y: 0, z: 0}
--- !u!114 &7251294734413145224
MonoBehaviour:
  m_ObjectHideFlags: 0
  m_CorrespondingSourceObject: {fileID: 0}
  m_PrefabInstance: {fileID: 0}
  m_PrefabAsset: {fileID: 0}
  m_GameObject: {fileID: 893129748692672539}
  m_Enabled: 1
  m_EditorHideFlags: 0
  m_Script: {fileID: 11500000, guid: a606da59651889142b9ea1121acdb6e6, type: 3}
  m_Name: 
  m_EditorClassIdentifier: 
  clubs: {fileID: 5656649999361092871}
  diamonds: {fileID: 8175223190799259145}
  hearts: {fileID: 3676594651882459846}
  spades: {fileID: 5104714944035720607}
--- !u!1 &7623404426743883542
GameObject:
  m_ObjectHideFlags: 0
  m_CorrespondingSourceObject: {fileID: 0}
  m_PrefabInstance: {fileID: 0}
  m_PrefabAsset: {fileID: 0}
  serializedVersion: 6
  m_Component:
  - component: {fileID: 1244723005712318608}
  - component: {fileID: 2336817510433494313}
  m_Layer: 0
  m_Name: Audio Source
  m_TagString: Untagged
  m_Icon: {fileID: 0}
  m_NavMeshLayer: 0
  m_StaticEditorFlags: 0
  m_IsActive: 1
--- !u!4 &1244723005712318608
Transform:
  m_ObjectHideFlags: 0
  m_CorrespondingSourceObject: {fileID: 0}
  m_PrefabInstance: {fileID: 0}
  m_PrefabAsset: {fileID: 0}
  m_GameObject: {fileID: 7623404426743883542}
  m_LocalRotation: {x: -0, y: -0, z: -0, w: 1}
  m_LocalPosition: {x: 0, y: 0, z: 0}
  m_LocalScale: {x: 1, y: 1, z: 1}
  m_Children: []
  m_Father: {fileID: 3220427773806338970}
  m_RootOrder: 4
  m_LocalEulerAnglesHint: {x: 0, y: 0, z: 0}
--- !u!82 &2336817510433494313
AudioSource:
  m_ObjectHideFlags: 0
  m_CorrespondingSourceObject: {fileID: 0}
  m_PrefabInstance: {fileID: 0}
  m_PrefabAsset: {fileID: 0}
  m_GameObject: {fileID: 7623404426743883542}
  m_Enabled: 1
  serializedVersion: 4
  OutputAudioMixerGroup: {fileID: 0}
  m_audioClip: {fileID: 8300000, guid: ec3d5ecd3e08dd14792602d061994f36, type: 3}
  m_PlayOnAwake: 1
  m_Volume: 1
  m_Pitch: 1
  Loop: 0
  Mute: 0
  Spatialize: 0
  SpatializePostEffects: 0
  Priority: 128
  DopplerLevel: 1
  MinDistance: 1
  MaxDistance: 500
  Pan2D: 0
  rolloffMode: 0
  BypassEffects: 0
  BypassListenerEffects: 0
  BypassReverbZones: 0
  rolloffCustomCurve:
    serializedVersion: 2
    m_Curve:
    - serializedVersion: 3
      time: 0
      value: 1
      inSlope: 0
      outSlope: 0
      tangentMode: 0
      weightedMode: 0
      inWeight: 0.33333334
      outWeight: 0.33333334
    - serializedVersion: 3
      time: 1
      value: 0
      inSlope: 0
      outSlope: 0
      tangentMode: 0
      weightedMode: 0
      inWeight: 0.33333334
      outWeight: 0.33333334
    m_PreInfinity: 2
    m_PostInfinity: 2
    m_RotationOrder: 4
  panLevelCustomCurve:
    serializedVersion: 2
    m_Curve:
    - serializedVersion: 3
      time: 0
      value: 0
      inSlope: 0
      outSlope: 0
      tangentMode: 0
      weightedMode: 0
      inWeight: 0.33333334
      outWeight: 0.33333334
    m_PreInfinity: 2
    m_PostInfinity: 2
    m_RotationOrder: 4
  spreadCustomCurve:
    serializedVersion: 2
    m_Curve:
    - serializedVersion: 3
      time: 0
      value: 0
      inSlope: 0
      outSlope: 0
      tangentMode: 0
      weightedMode: 0
      inWeight: 0.33333334
      outWeight: 0.33333334
    m_PreInfinity: 2
    m_PostInfinity: 2
    m_RotationOrder: 4
  reverbZoneMixCustomCurve:
    serializedVersion: 2
    m_Curve:
    - serializedVersion: 3
      time: 0
      value: 1
      inSlope: 0
      outSlope: 0
      tangentMode: 0
      weightedMode: 0
      inWeight: 0.33333334
      outWeight: 0.33333334
    m_PreInfinity: 2
    m_PostInfinity: 2
    m_RotationOrder: 4
--- !u!1001 &2472695641079435337
PrefabInstance:
  m_ObjectHideFlags: 0
  serializedVersion: 2
  m_Modification:
    m_TransformParent: {fileID: 3220427773806338970}
    m_Modifications:
    - target: {fileID: 1248944942818804367, guid: b3ede363a5fe5ba478d9de05ede349d3,
        type: 3}
      propertyPath: m_Name
      value: Hearts 12 Queen
      objectReference: {fileID: 0}
    - target: {fileID: 1248944942818804367, guid: b3ede363a5fe5ba478d9de05ede349d3,
        type: 3}
      propertyPath: m_IsActive
      value: 0
      objectReference: {fileID: 0}
    - target: {fileID: 4606324179576187187, guid: b3ede363a5fe5ba478d9de05ede349d3,
        type: 3}
      propertyPath: m_LocalPosition.x
      value: 0
      objectReference: {fileID: 0}
    - target: {fileID: 4606324179576187187, guid: b3ede363a5fe5ba478d9de05ede349d3,
        type: 3}
      propertyPath: m_LocalPosition.y
      value: 0
      objectReference: {fileID: 0}
    - target: {fileID: 4606324179576187187, guid: b3ede363a5fe5ba478d9de05ede349d3,
        type: 3}
      propertyPath: m_LocalPosition.z
      value: 0
      objectReference: {fileID: 0}
    - target: {fileID: 4606324179576187187, guid: b3ede363a5fe5ba478d9de05ede349d3,
        type: 3}
      propertyPath: m_LocalRotation.x
      value: -0.7071068
      objectReference: {fileID: 0}
    - target: {fileID: 4606324179576187187, guid: b3ede363a5fe5ba478d9de05ede349d3,
        type: 3}
      propertyPath: m_LocalRotation.y
      value: 0
      objectReference: {fileID: 0}
    - target: {fileID: 4606324179576187187, guid: b3ede363a5fe5ba478d9de05ede349d3,
        type: 3}
      propertyPath: m_LocalRotation.z
      value: 0
      objectReference: {fileID: 0}
    - target: {fileID: 4606324179576187187, guid: b3ede363a5fe5ba478d9de05ede349d3,
        type: 3}
      propertyPath: m_LocalRotation.w
      value: 0.7071068
      objectReference: {fileID: 0}
    - target: {fileID: 4606324179576187187, guid: b3ede363a5fe5ba478d9de05ede349d3,
        type: 3}
      propertyPath: m_RootOrder
      value: 2
      objectReference: {fileID: 0}
    - target: {fileID: 4606324179576187187, guid: b3ede363a5fe5ba478d9de05ede349d3,
        type: 3}
      propertyPath: m_LocalEulerAnglesHint.x
      value: -90
      objectReference: {fileID: 0}
    - target: {fileID: 4606324179576187187, guid: b3ede363a5fe5ba478d9de05ede349d3,
        type: 3}
      propertyPath: m_LocalEulerAnglesHint.y
      value: 0
      objectReference: {fileID: 0}
    - target: {fileID: 4606324179576187187, guid: b3ede363a5fe5ba478d9de05ede349d3,
        type: 3}
      propertyPath: m_LocalEulerAnglesHint.z
      value: 0
      objectReference: {fileID: 0}
    m_RemovedComponents: []
  m_SourcePrefab: {fileID: 100100000, guid: b3ede363a5fe5ba478d9de05ede349d3, type: 3}
--- !u!1 &3676594651882459846 stripped
GameObject:
  m_CorrespondingSourceObject: {fileID: 1248944942818804367, guid: b3ede363a5fe5ba478d9de05ede349d3,
    type: 3}
  m_PrefabInstance: {fileID: 2472695641079435337}
  m_PrefabAsset: {fileID: 0}
--- !u!4 &2142645772005161338 stripped
Transform:
  m_CorrespondingSourceObject: {fileID: 4606324179576187187, guid: b3ede363a5fe5ba478d9de05ede349d3,
    type: 3}
  m_PrefabInstance: {fileID: 2472695641079435337}
  m_PrefabAsset: {fileID: 0}
--- !u!1001 &3705836702416414173
PrefabInstance:
  m_ObjectHideFlags: 0
  serializedVersion: 2
  m_Modification:
    m_TransformParent: {fileID: 3220427773806338970}
    m_Modifications:
    - target: {fileID: 6558233142594896894, guid: fce1a920986c5394eb973efabea5e476,
        type: 3}
      propertyPath: m_LocalPosition.x
      value: 0
      objectReference: {fileID: 0}
    - target: {fileID: 6558233142594896894, guid: fce1a920986c5394eb973efabea5e476,
        type: 3}
      propertyPath: m_LocalPosition.y
      value: 0
      objectReference: {fileID: 0}
    - target: {fileID: 6558233142594896894, guid: fce1a920986c5394eb973efabea5e476,
        type: 3}
      propertyPath: m_LocalPosition.z
      value: 0
      objectReference: {fileID: 0}
    - target: {fileID: 6558233142594896894, guid: fce1a920986c5394eb973efabea5e476,
        type: 3}
      propertyPath: m_LocalRotation.x
      value: -0.7071068
      objectReference: {fileID: 0}
    - target: {fileID: 6558233142594896894, guid: fce1a920986c5394eb973efabea5e476,
        type: 3}
      propertyPath: m_LocalRotation.y
      value: 0
      objectReference: {fileID: 0}
    - target: {fileID: 6558233142594896894, guid: fce1a920986c5394eb973efabea5e476,
        type: 3}
      propertyPath: m_LocalRotation.z
      value: 0
      objectReference: {fileID: 0}
    - target: {fileID: 6558233142594896894, guid: fce1a920986c5394eb973efabea5e476,
        type: 3}
      propertyPath: m_LocalRotation.w
      value: 0.7071068
      objectReference: {fileID: 0}
    - target: {fileID: 6558233142594896894, guid: fce1a920986c5394eb973efabea5e476,
        type: 3}
      propertyPath: m_RootOrder
      value: 3
      objectReference: {fileID: 0}
    - target: {fileID: 6558233142594896894, guid: fce1a920986c5394eb973efabea5e476,
        type: 3}
      propertyPath: m_LocalEulerAnglesHint.x
      value: -90
      objectReference: {fileID: 0}
    - target: {fileID: 6558233142594896894, guid: fce1a920986c5394eb973efabea5e476,
        type: 3}
      propertyPath: m_LocalEulerAnglesHint.y
      value: 0
      objectReference: {fileID: 0}
    - target: {fileID: 6558233142594896894, guid: fce1a920986c5394eb973efabea5e476,
        type: 3}
      propertyPath: m_LocalEulerAnglesHint.z
      value: 0
      objectReference: {fileID: 0}
    - target: {fileID: 8483182916350912578, guid: fce1a920986c5394eb973efabea5e476,
        type: 3}
      propertyPath: m_Name
      value: Spades 12 Queen
      objectReference: {fileID: 0}
    - target: {fileID: 8483182916350912578, guid: fce1a920986c5394eb973efabea5e476,
        type: 3}
      propertyPath: m_IsActive
      value: 0
      objectReference: {fileID: 0}
    m_RemovedComponents: []
  m_SourcePrefab: {fileID: 100100000, guid: fce1a920986c5394eb973efabea5e476, type: 3}
--- !u!1 &5104714944035720607 stripped
GameObject:
  m_CorrespondingSourceObject: {fileID: 8483182916350912578, guid: fce1a920986c5394eb973efabea5e476,
    type: 3}
  m_PrefabInstance: {fileID: 3705836702416414173}
  m_PrefabAsset: {fileID: 0}
--- !u!4 &7525023029126145571 stripped
Transform:
  m_CorrespondingSourceObject: {fileID: 6558233142594896894, guid: fce1a920986c5394eb973efabea5e476,
    type: 3}
  m_PrefabInstance: {fileID: 3705836702416414173}
  m_PrefabAsset: {fileID: 0}
--- !u!1001 &6491620142076410029
PrefabInstance:
  m_ObjectHideFlags: 0
  serializedVersion: 2
  m_Modification:
    m_TransformParent: {fileID: 3220427773806338970}
    m_Modifications:
    - target: {fileID: 1483561230988580266, guid: 22357bec3140a8f4cb78a627c8f1c7b4,
        type: 3}
      propertyPath: m_Name
      value: Clubs 12 Queen
      objectReference: {fileID: 0}
    - target: {fileID: 1483561230988580266, guid: 22357bec3140a8f4cb78a627c8f1c7b4,
        type: 3}
      propertyPath: m_IsActive
      value: 0
      objectReference: {fileID: 0}
    - target: {fileID: 4192706895889284630, guid: 22357bec3140a8f4cb78a627c8f1c7b4,
        type: 3}
      propertyPath: m_LocalPosition.x
      value: 0
      objectReference: {fileID: 0}
    - target: {fileID: 4192706895889284630, guid: 22357bec3140a8f4cb78a627c8f1c7b4,
        type: 3}
      propertyPath: m_LocalPosition.y
      value: 0
      objectReference: {fileID: 0}
    - target: {fileID: 4192706895889284630, guid: 22357bec3140a8f4cb78a627c8f1c7b4,
        type: 3}
      propertyPath: m_LocalPosition.z
      value: 0
      objectReference: {fileID: 0}
    - target: {fileID: 4192706895889284630, guid: 22357bec3140a8f4cb78a627c8f1c7b4,
        type: 3}
      propertyPath: m_LocalRotation.x
      value: -0.7071068
      objectReference: {fileID: 0}
    - target: {fileID: 4192706895889284630, guid: 22357bec3140a8f4cb78a627c8f1c7b4,
        type: 3}
      propertyPath: m_LocalRotation.y
      value: 0
      objectReference: {fileID: 0}
    - target: {fileID: 4192706895889284630, guid: 22357bec3140a8f4cb78a627c8f1c7b4,
        type: 3}
      propertyPath: m_LocalRotation.z
      value: 0
      objectReference: {fileID: 0}
    - target: {fileID: 4192706895889284630, guid: 22357bec3140a8f4cb78a627c8f1c7b4,
        type: 3}
      propertyPath: m_LocalRotation.w
      value: 0.7071068
      objectReference: {fileID: 0}
    - target: {fileID: 4192706895889284630, guid: 22357bec3140a8f4cb78a627c8f1c7b4,
        type: 3}
      propertyPath: m_RootOrder
      value: 0
      objectReference: {fileID: 0}
    - target: {fileID: 4192706895889284630, guid: 22357bec3140a8f4cb78a627c8f1c7b4,
        type: 3}
      propertyPath: m_LocalEulerAnglesHint.x
      value: -90
      objectReference: {fileID: 0}
    - target: {fileID: 4192706895889284630, guid: 22357bec3140a8f4cb78a627c8f1c7b4,
        type: 3}
      propertyPath: m_LocalEulerAnglesHint.y
      value: 0
      objectReference: {fileID: 0}
    - target: {fileID: 4192706895889284630, guid: 22357bec3140a8f4cb78a627c8f1c7b4,
        type: 3}
      propertyPath: m_LocalEulerAnglesHint.z
      value: 0
      objectReference: {fileID: 0}
    m_RemovedComponents: []
  m_SourcePrefab: {fileID: 100100000, guid: 22357bec3140a8f4cb78a627c8f1c7b4, type: 3}
--- !u!1 &5656649999361092871 stripped
GameObject:
  m_CorrespondingSourceObject: {fileID: 1483561230988580266, guid: 22357bec3140a8f4cb78a627c8f1c7b4,
    type: 3}
  m_PrefabInstance: {fileID: 6491620142076410029}
  m_PrefabAsset: {fileID: 0}
--- !u!4 &6933751862985459387 stripped
Transform:
  m_CorrespondingSourceObject: {fileID: 4192706895889284630, guid: 22357bec3140a8f4cb78a627c8f1c7b4,
    type: 3}
  m_PrefabInstance: {fileID: 6491620142076410029}
  m_PrefabAsset: {fileID: 0}
--- !u!1001 &7430216453455169156
PrefabInstance:
  m_ObjectHideFlags: 0
  serializedVersion: 2
  m_Modification:
    m_TransformParent: {fileID: 3220427773806338970}
    m_Modifications:
    - target: {fileID: 1614914656299995277, guid: f1259f05c1f64474f8fbcabfbad0c81c,
        type: 3}
      propertyPath: m_Name
      value: Diamonds 12 Queen
      objectReference: {fileID: 0}
    - target: {fileID: 1614914656299995277, guid: f1259f05c1f64474f8fbcabfbad0c81c,
        type: 3}
      propertyPath: m_IsActive
      value: 0
      objectReference: {fileID: 0}
    - target: {fileID: 4093917143799135025, guid: f1259f05c1f64474f8fbcabfbad0c81c,
        type: 3}
      propertyPath: m_LocalPosition.x
      value: 0
      objectReference: {fileID: 0}
    - target: {fileID: 4093917143799135025, guid: f1259f05c1f64474f8fbcabfbad0c81c,
        type: 3}
      propertyPath: m_LocalPosition.y
      value: 0
      objectReference: {fileID: 0}
    - target: {fileID: 4093917143799135025, guid: f1259f05c1f64474f8fbcabfbad0c81c,
        type: 3}
      propertyPath: m_LocalPosition.z
      value: 0
      objectReference: {fileID: 0}
    - target: {fileID: 4093917143799135025, guid: f1259f05c1f64474f8fbcabfbad0c81c,
        type: 3}
      propertyPath: m_LocalRotation.x
      value: -0.7071068
      objectReference: {fileID: 0}
    - target: {fileID: 4093917143799135025, guid: f1259f05c1f64474f8fbcabfbad0c81c,
        type: 3}
      propertyPath: m_LocalRotation.y
      value: 0
      objectReference: {fileID: 0}
    - target: {fileID: 4093917143799135025, guid: f1259f05c1f64474f8fbcabfbad0c81c,
        type: 3}
      propertyPath: m_LocalRotation.z
      value: 0
      objectReference: {fileID: 0}
    - target: {fileID: 4093917143799135025, guid: f1259f05c1f64474f8fbcabfbad0c81c,
        type: 3}
      propertyPath: m_LocalRotation.w
      value: 0.7071068
      objectReference: {fileID: 0}
    - target: {fileID: 4093917143799135025, guid: f1259f05c1f64474f8fbcabfbad0c81c,
        type: 3}
      propertyPath: m_RootOrder
      value: 1
      objectReference: {fileID: 0}
    - target: {fileID: 4093917143799135025, guid: f1259f05c1f64474f8fbcabfbad0c81c,
        type: 3}
      propertyPath: m_LocalEulerAnglesHint.x
      value: -90
      objectReference: {fileID: 0}
    - target: {fileID: 4093917143799135025, guid: f1259f05c1f64474f8fbcabfbad0c81c,
        type: 3}
      propertyPath: m_LocalEulerAnglesHint.y
      value: 0
      objectReference: {fileID: 0}
    - target: {fileID: 4093917143799135025, guid: f1259f05c1f64474f8fbcabfbad0c81c,
        type: 3}
      propertyPath: m_LocalEulerAnglesHint.z
      value: 0
      objectReference: {fileID: 0}
    m_RemovedComponents: []
  m_SourcePrefab: {fileID: 100100000, guid: f1259f05c1f64474f8fbcabfbad0c81c, type: 3}
--- !u!1 &8175223190799259145 stripped
GameObject:
  m_CorrespondingSourceObject: {fileID: 1614914656299995277, guid: f1259f05c1f64474f8fbcabfbad0c81c,
    type: 3}
  m_PrefabInstance: {fileID: 7430216453455169156}
  m_PrefabAsset: {fileID: 0}
--- !u!4 &6903434993414061493 stripped
Transform:
  m_CorrespondingSourceObject: {fileID: 4093917143799135025, guid: f1259f05c1f64474f8fbcabfbad0c81c,
    type: 3}
  m_PrefabInstance: {fileID: 7430216453455169156}
  m_PrefabAsset: {fileID: 0}
