%YAML 1.1
%TAG !u! tag:unity3d.com,2011:
--- !u!1 &382414709855712143
GameObject:
  m_ObjectHideFlags: 0
  m_CorrespondingSourceObject: {fileID: 0}
  m_PrefabInstance: {fileID: 0}
  m_PrefabAsset: {fileID: 0}
  serializedVersion: 6
  m_Component:
  - component: {fileID: 491034762171064522}
  - component: {fileID: 4324232219108064510}
  m_Layer: 0
  m_Name: Clubs 7 Card
  m_TagString: Untagged
  m_Icon: {fileID: 0}
  m_NavMeshLayer: 0
  m_StaticEditorFlags: 0
  m_IsActive: 1
--- !u!4 &491034762171064522
Transform:
  m_ObjectHideFlags: 0
  m_CorrespondingSourceObject: {fileID: 0}
  m_PrefabInstance: {fileID: 0}
  m_PrefabAsset: {fileID: 0}
  m_GameObject: {fileID: 382414709855712143}
  m_LocalRotation: {x: 0, y: 0, z: 0, w: 1}
  m_LocalPosition: {x: 0, y: 0, z: 0}
  m_LocalScale: {x: 1, y: 1, z: 1}
  m_Children:
  - {fileID: 7671934708645611277}
  - {fileID: 7014802514240292681}
  - {fileID: 2408074924680646299}
  - {fileID: 5477001900356646207}
  - {fileID: 7047454411640724416}
  m_Father: {fileID: 0}
  m_RootOrder: 0
  m_LocalEulerAnglesHint: {x: 0, y: 0, z: 0}
--- !u!114 &4324232219108064510
MonoBehaviour:
  m_ObjectHideFlags: 0
  m_CorrespondingSourceObject: {fileID: 0}
  m_PrefabInstance: {fileID: 0}
  m_PrefabAsset: {fileID: 0}
  m_GameObject: {fileID: 382414709855712143}
  m_Enabled: 1
  m_EditorHideFlags: 0
  m_Script: {fileID: 11500000, guid: a606da59651889142b9ea1121acdb6e6, type: 3}
  m_Name: 
  m_EditorClassIdentifier: 
  clubs: {fileID: 5354001757869860854}
  diamonds: {fileID: 4714290774377162674}
  hearts: {fileID: 98552120100531808}
  spades: {fileID: 7797749619144529348}
--- !u!1 &8819256859594289108
GameObject:
  m_ObjectHideFlags: 0
  m_CorrespondingSourceObject: {fileID: 0}
  m_PrefabInstance: {fileID: 0}
  m_PrefabAsset: {fileID: 0}
  serializedVersion: 6
  m_Component:
  - component: {fileID: 7047454411640724416}
  - component: {fileID: 1188298168294971127}
  m_Layer: 0
  m_Name: Audio Source
  m_TagString: Untagged
  m_Icon: {fileID: 0}
  m_NavMeshLayer: 0
  m_StaticEditorFlags: 0
  m_IsActive: 1
--- !u!4 &7047454411640724416
Transform:
  m_ObjectHideFlags: 0
  m_CorrespondingSourceObject: {fileID: 0}
  m_PrefabInstance: {fileID: 0}
  m_PrefabAsset: {fileID: 0}
  m_GameObject: {fileID: 8819256859594289108}
  m_LocalRotation: {x: -0, y: -0, z: -0, w: 1}
  m_LocalPosition: {x: 0, y: 0, z: 0}
  m_LocalScale: {x: 1, y: 1, z: 1}
  m_Children: []
  m_Father: {fileID: 491034762171064522}
  m_RootOrder: 4
  m_LocalEulerAnglesHint: {x: 0, y: 0, z: 0}
--- !u!82 &1188298168294971127
AudioSource:
  m_ObjectHideFlags: 0
  m_CorrespondingSourceObject: {fileID: 0}
  m_PrefabInstance: {fileID: 0}
  m_PrefabAsset: {fileID: 0}
  m_GameObject: {fileID: 8819256859594289108}
  m_Enabled: 1
  serializedVersion: 4
  OutputAudioMixerGroup: {fileID: 0}
  m_audioClip: {fileID: 8300000, guid: ec3d5ecd3e08dd14792602d061994f36, type: 3}
  m_PlayOnAwake: 1
  m_Volume: 1
  m_Pitch: 1
  Loop: 0
  Mute: 0
  Spatialize: 0
  SpatializePostEffects: 0
  Priority: 128
  DopplerLevel: 1
  MinDistance: 1
  MaxDistance: 500
  Pan2D: 0
  rolloffMode: 0
  BypassEffects: 0
  BypassListenerEffects: 0
  BypassReverbZones: 0
  rolloffCustomCurve:
    serializedVersion: 2
    m_Curve:
    - serializedVersion: 3
      time: 0
      value: 1
      inSlope: 0
      outSlope: 0
      tangentMode: 0
      weightedMode: 0
      inWeight: 0.33333334
      outWeight: 0.33333334
    - serializedVersion: 3
      time: 1
      value: 0
      inSlope: 0
      outSlope: 0
      tangentMode: 0
      weightedMode: 0
      inWeight: 0.33333334
      outWeight: 0.33333334
    m_PreInfinity: 2
    m_PostInfinity: 2
    m_RotationOrder: 4
  panLevelCustomCurve:
    serializedVersion: 2
    m_Curve:
    - serializedVersion: 3
      time: 0
      value: 0
      inSlope: 0
      outSlope: 0
      tangentMode: 0
      weightedMode: 0
      inWeight: 0.33333334
      outWeight: 0.33333334
    m_PreInfinity: 2
    m_PostInfinity: 2
    m_RotationOrder: 4
  spreadCustomCurve:
    serializedVersion: 2
    m_Curve:
    - serializedVersion: 3
      time: 0
      value: 0
      inSlope: 0
      outSlope: 0
      tangentMode: 0
      weightedMode: 0
      inWeight: 0.33333334
      outWeight: 0.33333334
    m_PreInfinity: 2
    m_PostInfinity: 2
    m_RotationOrder: 4
  reverbZoneMixCustomCurve:
    serializedVersion: 2
    m_Curve:
    - serializedVersion: 3
      time: 0
      value: 1
      inSlope: 0
      outSlope: 0
      tangentMode: 0
      weightedMode: 0
      inWeight: 0.33333334
      outWeight: 0.33333334
    m_PreInfinity: 2
    m_PostInfinity: 2
    m_RotationOrder: 4
--- !u!1001 &1512801675319952541
PrefabInstance:
  m_ObjectHideFlags: 0
  serializedVersion: 2
  m_Modification:
    m_TransformParent: {fileID: 491034762171064522}
    m_Modifications:
    - target: {fileID: 6166003349312840495, guid: 17da58df4e3b8bb47aa1691f233d2bec,
        type: 3}
      propertyPath: m_Name
      value: Diamonds 7
      objectReference: {fileID: 0}
    - target: {fileID: 6166003349312840495, guid: 17da58df4e3b8bb47aa1691f233d2bec,
        type: 3}
      propertyPath: m_IsActive
      value: 0
      objectReference: {fileID: 0}
    - target: {fileID: 8477771914989831124, guid: 17da58df4e3b8bb47aa1691f233d2bec,
        type: 3}
      propertyPath: m_LocalPosition.x
      value: -0
      objectReference: {fileID: 0}
    - target: {fileID: 8477771914989831124, guid: 17da58df4e3b8bb47aa1691f233d2bec,
        type: 3}
      propertyPath: m_LocalPosition.y
      value: 0
      objectReference: {fileID: 0}
    - target: {fileID: 8477771914989831124, guid: 17da58df4e3b8bb47aa1691f233d2bec,
        type: 3}
      propertyPath: m_LocalPosition.z
      value: 0
      objectReference: {fileID: 0}
    - target: {fileID: 8477771914989831124, guid: 17da58df4e3b8bb47aa1691f233d2bec,
        type: 3}
      propertyPath: m_LocalRotation.x
      value: -0.7071068
      objectReference: {fileID: 0}
    - target: {fileID: 8477771914989831124, guid: 17da58df4e3b8bb47aa1691f233d2bec,
        type: 3}
      propertyPath: m_LocalRotation.y
      value: 0
      objectReference: {fileID: 0}
    - target: {fileID: 8477771914989831124, guid: 17da58df4e3b8bb47aa1691f233d2bec,
        type: 3}
      propertyPath: m_LocalRotation.z
      value: 0
      objectReference: {fileID: 0}
    - target: {fileID: 8477771914989831124, guid: 17da58df4e3b8bb47aa1691f233d2bec,
        type: 3}
      propertyPath: m_LocalRotation.w
      value: 0.7071068
      objectReference: {fileID: 0}
    - target: {fileID: 8477771914989831124, guid: 17da58df4e3b8bb47aa1691f233d2bec,
        type: 3}
      propertyPath: m_RootOrder
      value: 1
      objectReference: {fileID: 0}
    - target: {fileID: 8477771914989831124, guid: 17da58df4e3b8bb47aa1691f233d2bec,
        type: 3}
      propertyPath: m_LocalEulerAnglesHint.x
      value: -90
      objectReference: {fileID: 0}
    - target: {fileID: 8477771914989831124, guid: 17da58df4e3b8bb47aa1691f233d2bec,
        type: 3}
      propertyPath: m_LocalEulerAnglesHint.y
      value: 0
      objectReference: {fileID: 0}
    - target: {fileID: 8477771914989831124, guid: 17da58df4e3b8bb47aa1691f233d2bec,
        type: 3}
      propertyPath: m_LocalEulerAnglesHint.z
      value: 0
      objectReference: {fileID: 0}
    m_RemovedComponents: []
  m_SourcePrefab: {fileID: 100100000, guid: 17da58df4e3b8bb47aa1691f233d2bec, type: 3}
--- !u!1 &4714290774377162674 stripped
GameObject:
  m_CorrespondingSourceObject: {fileID: 6166003349312840495, guid: 17da58df4e3b8bb47aa1691f233d2bec,
    type: 3}
  m_PrefabInstance: {fileID: 1512801675319952541}
  m_PrefabAsset: {fileID: 0}
--- !u!4 &7014802514240292681 stripped
Transform:
  m_CorrespondingSourceObject: {fileID: 8477771914989831124, guid: 17da58df4e3b8bb47aa1691f233d2bec,
    type: 3}
  m_PrefabInstance: {fileID: 1512801675319952541}
  m_PrefabAsset: {fileID: 0}
--- !u!1001 &3617709046045555363
PrefabInstance:
  m_ObjectHideFlags: 0
  serializedVersion: 2
  m_Modification:
    m_TransformParent: {fileID: 491034762171064522}
    m_Modifications:
    - target: {fileID: 1396006307258872888, guid: 94337eb900ca8044ab40be9aa777cd47,
        type: 3}
      propertyPath: m_LocalPosition.x
      value: -0
      objectReference: {fileID: 0}
    - target: {fileID: 1396006307258872888, guid: 94337eb900ca8044ab40be9aa777cd47,
        type: 3}
      propertyPath: m_LocalPosition.y
      value: 0
      objectReference: {fileID: 0}
    - target: {fileID: 1396006307258872888, guid: 94337eb900ca8044ab40be9aa777cd47,
        type: 3}
      propertyPath: m_LocalPosition.z
      value: 0
      objectReference: {fileID: 0}
    - target: {fileID: 1396006307258872888, guid: 94337eb900ca8044ab40be9aa777cd47,
        type: 3}
      propertyPath: m_LocalRotation.x
      value: -0.7071068
      objectReference: {fileID: 0}
    - target: {fileID: 1396006307258872888, guid: 94337eb900ca8044ab40be9aa777cd47,
        type: 3}
      propertyPath: m_LocalRotation.y
      value: 0
      objectReference: {fileID: 0}
    - target: {fileID: 1396006307258872888, guid: 94337eb900ca8044ab40be9aa777cd47,
        type: 3}
      propertyPath: m_LocalRotation.z
      value: 0
      objectReference: {fileID: 0}
    - target: {fileID: 1396006307258872888, guid: 94337eb900ca8044ab40be9aa777cd47,
        type: 3}
      propertyPath: m_LocalRotation.w
      value: 0.7071068
      objectReference: {fileID: 0}
    - target: {fileID: 1396006307258872888, guid: 94337eb900ca8044ab40be9aa777cd47,
        type: 3}
      propertyPath: m_RootOrder
      value: 2
      objectReference: {fileID: 0}
    - target: {fileID: 1396006307258872888, guid: 94337eb900ca8044ab40be9aa777cd47,
        type: 3}
      propertyPath: m_LocalEulerAnglesHint.x
      value: -90
      objectReference: {fileID: 0}
    - target: {fileID: 1396006307258872888, guid: 94337eb900ca8044ab40be9aa777cd47,
        type: 3}
      propertyPath: m_LocalEulerAnglesHint.y
      value: 0
      objectReference: {fileID: 0}
    - target: {fileID: 1396006307258872888, guid: 94337eb900ca8044ab40be9aa777cd47,
        type: 3}
      propertyPath: m_LocalEulerAnglesHint.z
      value: 0
      objectReference: {fileID: 0}
    - target: {fileID: 3704931510092502211, guid: 94337eb900ca8044ab40be9aa777cd47,
        type: 3}
      propertyPath: m_Name
      value: Hearts 7
      objectReference: {fileID: 0}
    - target: {fileID: 3704931510092502211, guid: 94337eb900ca8044ab40be9aa777cd47,
        type: 3}
      propertyPath: m_IsActive
      value: 0
      objectReference: {fileID: 0}
    m_RemovedComponents: []
  m_SourcePrefab: {fileID: 100100000, guid: 94337eb900ca8044ab40be9aa777cd47, type: 3}
--- !u!1 &98552120100531808 stripped
GameObject:
  m_CorrespondingSourceObject: {fileID: 3704931510092502211, guid: 94337eb900ca8044ab40be9aa777cd47,
    type: 3}
  m_PrefabInstance: {fileID: 3617709046045555363}
  m_PrefabAsset: {fileID: 0}
--- !u!4 &2408074924680646299 stripped
Transform:
  m_CorrespondingSourceObject: {fileID: 1396006307258872888, guid: 94337eb900ca8044ab40be9aa777cd47,
    type: 3}
  m_PrefabInstance: {fileID: 3617709046045555363}
  m_PrefabAsset: {fileID: 0}
--- !u!1001 &5031333275995464538
PrefabInstance:
  m_ObjectHideFlags: 0
  serializedVersion: 2
  m_Modification:
    m_TransformParent: {fileID: 491034762171064522}
    m_Modifications:
    - target: {fileID: 707305663267231333, guid: a4c2bcccc482c9946a6a16d96e3e9df7,
        type: 3}
      propertyPath: m_LocalPosition.x
      value: -0
      objectReference: {fileID: 0}
    - target: {fileID: 707305663267231333, guid: a4c2bcccc482c9946a6a16d96e3e9df7,
        type: 3}
      propertyPath: m_LocalPosition.y
      value: 0
      objectReference: {fileID: 0}
    - target: {fileID: 707305663267231333, guid: a4c2bcccc482c9946a6a16d96e3e9df7,
        type: 3}
      propertyPath: m_LocalPosition.z
      value: 0
      objectReference: {fileID: 0}
    - target: {fileID: 707305663267231333, guid: a4c2bcccc482c9946a6a16d96e3e9df7,
        type: 3}
      propertyPath: m_LocalRotation.x
      value: -0.7071068
      objectReference: {fileID: 0}
    - target: {fileID: 707305663267231333, guid: a4c2bcccc482c9946a6a16d96e3e9df7,
        type: 3}
      propertyPath: m_LocalRotation.y
      value: 0
      objectReference: {fileID: 0}
    - target: {fileID: 707305663267231333, guid: a4c2bcccc482c9946a6a16d96e3e9df7,
        type: 3}
      propertyPath: m_LocalRotation.z
      value: 0
      objectReference: {fileID: 0}
    - target: {fileID: 707305663267231333, guid: a4c2bcccc482c9946a6a16d96e3e9df7,
        type: 3}
      propertyPath: m_LocalRotation.w
      value: 0.7071068
      objectReference: {fileID: 0}
    - target: {fileID: 707305663267231333, guid: a4c2bcccc482c9946a6a16d96e3e9df7,
        type: 3}
      propertyPath: m_RootOrder
      value: 3
      objectReference: {fileID: 0}
    - target: {fileID: 707305663267231333, guid: a4c2bcccc482c9946a6a16d96e3e9df7,
        type: 3}
      propertyPath: m_LocalEulerAnglesHint.x
      value: -90
      objectReference: {fileID: 0}
    - target: {fileID: 707305663267231333, guid: a4c2bcccc482c9946a6a16d96e3e9df7,
        type: 3}
      propertyPath: m_LocalEulerAnglesHint.y
      value: 0
      objectReference: {fileID: 0}
    - target: {fileID: 707305663267231333, guid: a4c2bcccc482c9946a6a16d96e3e9df7,
        type: 3}
      propertyPath: m_LocalEulerAnglesHint.z
      value: 0
      objectReference: {fileID: 0}
    - target: {fileID: 3019040144083908254, guid: a4c2bcccc482c9946a6a16d96e3e9df7,
        type: 3}
      propertyPath: m_Name
      value: Spades 7
      objectReference: {fileID: 0}
    - target: {fileID: 3019040144083908254, guid: a4c2bcccc482c9946a6a16d96e3e9df7,
        type: 3}
      propertyPath: m_IsActive
      value: 0
      objectReference: {fileID: 0}
    m_RemovedComponents: []
  m_SourcePrefab: {fileID: 100100000, guid: a4c2bcccc482c9946a6a16d96e3e9df7, type: 3}
--- !u!1 &7797749619144529348 stripped
GameObject:
  m_CorrespondingSourceObject: {fileID: 3019040144083908254, guid: a4c2bcccc482c9946a6a16d96e3e9df7,
    type: 3}
  m_PrefabInstance: {fileID: 5031333275995464538}
  m_PrefabAsset: {fileID: 0}
--- !u!4 &5477001900356646207 stripped
Transform:
  m_CorrespondingSourceObject: {fileID: 707305663267231333, guid: a4c2bcccc482c9946a6a16d96e3e9df7,
    type: 3}
  m_PrefabInstance: {fileID: 5031333275995464538}
  m_PrefabAsset: {fileID: 0}
--- !u!1001 &6784289271096780175
PrefabInstance:
  m_ObjectHideFlags: 0
  serializedVersion: 2
  m_Modification:
    m_TransformParent: {fileID: 491034762171064522}
    m_Modifications:
    - target: {fileID: 1471444657980424825, guid: 8b3203cdead03ba489202b2c2b688ccb,
        type: 3}
      propertyPath: m_Name
      value: Clubs 7
      objectReference: {fileID: 0}
    - target: {fileID: 1471444657980424825, guid: 8b3203cdead03ba489202b2c2b688ccb,
        type: 3}
      propertyPath: m_IsActive
      value: 0
      objectReference: {fileID: 0}
    - target: {fileID: 3773608422658302594, guid: 8b3203cdead03ba489202b2c2b688ccb,
        type: 3}
      propertyPath: m_LocalPosition.x
      value: -0
      objectReference: {fileID: 0}
    - target: {fileID: 3773608422658302594, guid: 8b3203cdead03ba489202b2c2b688ccb,
        type: 3}
      propertyPath: m_LocalPosition.y
      value: 0
      objectReference: {fileID: 0}
    - target: {fileID: 3773608422658302594, guid: 8b3203cdead03ba489202b2c2b688ccb,
        type: 3}
      propertyPath: m_LocalPosition.z
      value: 0
      objectReference: {fileID: 0}
    - target: {fileID: 3773608422658302594, guid: 8b3203cdead03ba489202b2c2b688ccb,
        type: 3}
      propertyPath: m_LocalRotation.x
      value: -0.7071068
      objectReference: {fileID: 0}
    - target: {fileID: 3773608422658302594, guid: 8b3203cdead03ba489202b2c2b688ccb,
        type: 3}
      propertyPath: m_LocalRotation.y
      value: 0
      objectReference: {fileID: 0}
    - target: {fileID: 3773608422658302594, guid: 8b3203cdead03ba489202b2c2b688ccb,
        type: 3}
      propertyPath: m_LocalRotation.z
      value: 0
      objectReference: {fileID: 0}
    - target: {fileID: 3773608422658302594, guid: 8b3203cdead03ba489202b2c2b688ccb,
        type: 3}
      propertyPath: m_LocalRotation.w
      value: 0.7071068
      objectReference: {fileID: 0}
    - target: {fileID: 3773608422658302594, guid: 8b3203cdead03ba489202b2c2b688ccb,
        type: 3}
      propertyPath: m_RootOrder
      value: 0
      objectReference: {fileID: 0}
    - target: {fileID: 3773608422658302594, guid: 8b3203cdead03ba489202b2c2b688ccb,
        type: 3}
      propertyPath: m_LocalEulerAnglesHint.x
      value: -90
      objectReference: {fileID: 0}
    - target: {fileID: 3773608422658302594, guid: 8b3203cdead03ba489202b2c2b688ccb,
        type: 3}
      propertyPath: m_LocalEulerAnglesHint.y
      value: 0
      objectReference: {fileID: 0}
    - target: {fileID: 3773608422658302594, guid: 8b3203cdead03ba489202b2c2b688ccb,
        type: 3}
      propertyPath: m_LocalEulerAnglesHint.z
      value: 0
      objectReference: {fileID: 0}
    m_RemovedComponents: []
  m_SourcePrefab: {fileID: 100100000, guid: 8b3203cdead03ba489202b2c2b688ccb, type: 3}
--- !u!1 &5354001757869860854 stripped
GameObject:
  m_CorrespondingSourceObject: {fileID: 1471444657980424825, guid: 8b3203cdead03ba489202b2c2b688ccb,
    type: 3}
  m_PrefabInstance: {fileID: 6784289271096780175}
  m_PrefabAsset: {fileID: 0}
--- !u!4 &7671934708645611277 stripped
Transform:
  m_CorrespondingSourceObject: {fileID: 3773608422658302594, guid: 8b3203cdead03ba489202b2c2b688ccb,
    type: 3}
  m_PrefabInstance: {fileID: 6784289271096780175}
  m_PrefabAsset: {fileID: 0}
